@article{yangchengxiong,
  title={浅议计算机科学技术的现状及发展前景},
  author={杨成雄},
  year={2019},
}
@article{qukuailian,
  title={A framework for analysing blockchain technology adoption: Integrating institutional, market and technical factors},
  author={Marijn Janssen, Vishanth Weerakkody, Elvira Ismagilova, Uthayasankar Sivarajah, Zahir Irani},
  journal={International Journal of Information Management},
  year={2019},
}
@article{wulianwang,
title={Challenges and recommended technologies for the industrial internet of things: A comprehensive review},
author={Mina Younan, Essam H. Houssein, Mohamed Elhoseny, Abdelmgeid A. Ali},
journal={Measurement},
year={2019},
}
@article{zhongyihe,
title={共建开放生态，打造智慧银行},
author={中一禾},
year={2019},
}
@article{zhaozhengping,
title={图灵机及其构造研究},
author={ 赵正平},
year={2011},
}
@article{liping,
title={基于量子逻辑的图灵机及其通用性},
author={李永明and李平},
journal={计算机学报},
year={2012},
}
